<?xml version="1.0" encoding="UTF-8"?><collection xmlns="http://www.loc.gov/MARC21/slim"><record><leader>00404nam--2200121-i-4500</leader><controlfield tag="001">000040709</controlfield><controlfield tag="002">20161230</controlfield><controlfield tag="005">20161230201042</controlfield><controlfield tag="008">060222s1000------------r-----000-0-eng-d</controlfield><datafield ind1=" " ind2=" " tag="080"><subfield code="a">528.7(043)</subfield></datafield><datafield ind1=" " ind2=" " tag="100"><subfield code="a">Schilcher, Matthaus</subfield></datafield><datafield ind1=" " ind2=" " tag="245"><subfield code="a">Empirisch-statistische untersuchungen zur genauigkeitsstruktur der photogrammetrischen luftbildes. dessert.munchen, akademie der wissrschften, 1980, 190p</subfield></datafield><datafield ind1=" " ind2=" " tag="852"><subfield code="a">48822</subfield></datafield></record></collection>